<collection xmlns="http://www.loc.gov/MARC21/slim"><record><leader>00749nam  2200229   450</leader><controlfield tag="001">275</controlfield><controlfield tag="003">http://montalegre.opacnet.com/OPAC/default.aspx?ContentAreaControl=ShowRegHoldings.ascx&amp;RegNo=16662</controlfield><controlfield tag="005">20</controlfield><datafield tag="095" ind1=" " ind2=" "><subfield code="a">PTBN00037274</subfield></datafield><datafield tag="100" ind1=" " ind2=" "><subfield code="a">19821201d1977    m  y0pora010305  ba</subfield></datafield><datafield tag="101" ind1="1" ind2=" "><subfield code="a">por</subfield><subfield code="c">eng</subfield></datafield><datafield tag="102" ind1=" " ind2=" "><subfield code="a">PT</subfield></datafield><datafield tag="200" ind1="1" ind2=" "><subfield code="a">Chandler</subfield><subfield code="f">William Denbow</subfield><subfield code="g">trad. de Eduardo Saló</subfield></datafield><datafield tag="210" ind1=" " ind2=" "><subfield code="a">Mem Martins</subfield><subfield code="c">Europa-América</subfield><subfield code="d">1977</subfield></datafield><datafield tag="215" ind1=" " ind2=" "><subfield code="a">143 p.</subfield><subfield code="d">18 cm</subfield></datafield><datafield tag="225" ind1="2" ind2=" "><subfield code="a">Livros de bolso Europa-América</subfield><subfield code="i">Clube do crime</subfield><subfield code="v">7</subfield></datafield><datafield tag="304" ind1=" " ind2=" "><subfield code="a">Tít. orig. : Chandler</subfield></datafield><datafield tag="675" ind1=" " ind2=" "><subfield code="a">82-312.4</subfield><subfield code="v">bn</subfield><subfield code="z">por</subfield></datafield><datafield tag="700" ind1=" " ind2="1"><subfield code="a">Denbow</subfield><subfield code="b">William</subfield></datafield><datafield tag="702" ind1=" " ind2="1"><subfield code="a">Saló</subfield><subfield code="b">Eduardo</subfield><subfield code="4">730</subfield></datafield><datafield tag="801" ind1=" " ind2="0"><subfield code="a">PT</subfield><subfield code="b">Biblioteca Municipal de Montalegre</subfield><subfield code="g">RPC</subfield></datafield><datafield tag="856" ind1=" " ind2=" "><subfield code="u">locateMedia.asp?cod=20060511095522&amp;ext=jpg</subfield><subfield code="z">CAPA</subfield></datafield><datafield tag="909" ind1="&#9;" ind2=" "><subfield code="a">1</subfield></datafield><datafield tag="966" ind1=" " ind2=" "><subfield code="a">0008384</subfield><subfield code="l">BMM</subfield><subfield code="s">SCG 82-312.4 DEN cha 7</subfield></datafield></record></collection>